@book{metoda,
  title     = {Проектирование механической обработки деталей типа тел вращения: учебное пособие},
  author    = {Галкин, М. Г. and Коновалова, И. В. and Ашихмин, В. Н. and Смагин, А. С.},
  address   = {Старый Оскол},
  publisher = {ТНТ},
  year      = {2017},
  pagetotal = {264},
  language  = {russian}
}

@book{technolog2,
  title     = {Справочник технолога-машиностроителя. В 2-х т.},
  author    = {Абрамов, Ю. А. and Андреев, В. Н. and Горбунов, В. И. and Грановский, Э. Г. and others},
  editor    = {Косиловой, А. Г. and Р. К. Мещерякова},
  volume    = {2},
  edition   = {4-е изд., перераб. и доп.},
  address   = {М.},
  publisher = {Машиностроение},
  year      = {1985},
  pagetotal = {496},
  language  = {russian}
}

@book{kuvschin,
  title     = {Проектирование технологии групповой обработки на токарно-револьверных станках: методические указания к курсовому и дипломному проектированию},
  author    = {В. В. Кувшинский},
  address   = {Екатеринбург},
  publisher = {УГТУ-УПИ},
  number    = {2},
  year      = {1994},
  pagetotal = {36},
  language  = {russian}
}

@book{rejimrez,
  title     = {Режимы резания металлов: справочник},
  author    = {Барановский, Ю. В. and others},
  edition   = {4-е изд., перераб. и доп.},
  address   = {М.},
  publisher = {НИИТавтопром},
  year      = {1995},
  pagetotal = {456},
  language  = {russian}
}

@book{panov:rez,
  title     = {Обработка металлов резанием: справочник технолога},
  author    = {Панов, А. А. and Аникин, В. В. and Бойм, Н. Г. and others},
  editor    = {А. А. Панова},
  edition   = {2-е изд., перераб. и доп.},
  address   = {М.},
  publisher = {Машиностроение},
  year      = {2004},
  pagetotal = {784},
  language  = {russian}
}